@ARTICLE{albahkali, 
author={T. Albahkali and R. Mukherjee and T. Das}, 
journal={IEEE Transactions on Robotics}, 
title={Swing-Up Control of the Pendubot: An Impulse-Momentum Approach}, 
year={2009}, 
volume={25}, 
number={4}, 
pages={975-982}, 
keywords={asymptotic stability;control system synthesis;controllability;momentum;nonlinear control systems;pendulums;robot dynamics;torque control;controllable system;equilibrium configuration stabilization;impulse-momentum approach;linear controller design;local asymptotic stability;pendubot dynamics linearization;potential energy;rest-to-rest maneuver;swing-up control;underactuated pendubot;Impulse;momentum;pendubot;underactuated}, 
doi={10.1109/TRO.2009.2022427}, 
ISSN={1552-3098}, 
month={Aug},}

@ARTICLE{fantoni, 
author={I. Fantoni and R. Lozano and M. W. Spong}, 
journal={IEEE Transactions on Automatic Control}, 
title={Energy based control of the Pendubot}, 
year={2000}, 
volume={45}, 
number={4}, 
pages={725-729}, 
keywords={Lyapunov methods;nonlinear systems;position control;robot dynamics;stability;Lyapunov function;Pendubot;balancing control;energy based control;nonlinear systems;passivity;position control;stability;swinging;underactuated two-link robot;Actuators;Control systems;Couplings;Educational robots;Equations;Friction;Linear feedback control systems;Nonlinear control systems;Nonlinear dynamical systems;Stability analysis}, 
doi={10.1109/9.847110}, 
ISSN={0018-9286}, 
month={Apr},}

@INPROCEEDINGS{spong, 
author={M. W. Spong and D. J. Block}, 
booktitle={Proceedings of 1995 34th IEEE Conference on Decision and Control}, 
title={The Pendubot: a mechatronic system for control research and education}, 
year={1995}, 
volume={1}, 
number={}, 
pages={555-556 vol.1}, 
keywords={control engineering education;control theory;educational aids;mechatronics;nonlinear control systems;robot dynamics;Pendubot;actuator;control engineering education;control research;mechatronic system;nonlinear control;nonlinear dynamics;two-link planar robot;Actuators;Control engineering education;Control systems;Mechatronics;Nonlinear control systems;Nonlinear dynamical systems;Robot control;Robot kinematics;Shafts;Systems engineering education}, 
doi={10.1109/CDC.1995.478951}, 
ISSN={0191-2216}, 
month={Dec},}

@misc{tedrake,
	author={R. Tedrake},
	title={Underactuated Robotics: Algorithms for Walking, Running, Swimming, Flying, and Manipulation (Course Notes for MIT 6.832)},
	url={http://underactuated.mit.edu/}
}
